<record><leader>00000cas a22000007a 4500</leader><controlfield tag="001">12042866</controlfield><controlfield tag="008">850516d19271967wiuwr ne      0    0eng d</controlfield><datafield ind1=" " ind2=" " tag="010"><subfield code="a">sn 85040606 </subfield></datafield><datafield ind1=" " ind2=" " tag="040"><subfield code="a">NPV</subfield><subfield code="b">eng</subfield><subfield code="c">NPV</subfield><subfield code="d">OCLCQ</subfield></datafield><datafield ind1=" " ind2=" " tag="042"><subfield code="a">msc</subfield></datafield><datafield ind1="0" ind2=" " tag="130"><subfield code="a">Tri-town news (Hales Corners, Wis.)</subfield></datafield><datafield ind1="1" ind2="4" tag="245"><subfield code="a">The tri-town news.</subfield></datafield><datafield ind1=" " ind2=" " tag="260"><subfield code="a">Hales Corners, Milwaukee County, Wis. :</subfield><subfield code="b">C. Johnson,</subfield><subfield code="c">-1967.</subfield></datafield><datafield ind1=" " ind2=" " tag="300"><subfield code="a">v.</subfield></datafield><datafield ind1=" " ind2=" " tag="310"><subfield code="a">Weekly</subfield></datafield><datafield ind1="0" ind2=" " tag="362"><subfield code="a">-v. 41, no. 46 (Feb. 9, 1967).</subfield></datafield><datafield ind1="1" ind2=" " tag="362"><subfield code="a">Began in 1927?</subfield></datafield><datafield ind1=" " ind2=" " tag="500"><subfield code="a">Tri-town refers to Hales Corners, Franklin, and Muskego.</subfield></datafield><datafield ind1=" " ind2=" " tag="580"><subfield code="a">Merged with: Hub (Hales Corners, Wis.: 1965 : Muskego ed.) and Hub (Hales Corners, Wis. : 1965 : Hales Corners ed.) to form: Tri-town hub (Hales Corners, Wis. : 1967 : Muskego ed.) and Tri-town hub (Hales Corners, Wis. : 1965 : Franklin-Hales Corners ed.).</subfield></datafield><datafield ind1=" " ind2=" " tag="588"><subfield code="a">Description based on: Vol. 15, no. 47 (Mar. 19, 1942).</subfield></datafield><datafield ind1=" " ind2=" " tag="752"><subfield code="a">United States</subfield><subfield code="b">Wisconsin</subfield><subfield code="c">Milwaukee</subfield><subfield code="d">Hales Corners.</subfield></datafield><datafield ind1=" " ind2=" " tag="752"><subfield code="a">United States</subfield><subfield code="b">Wisconsin</subfield><subfield code="c">Milwaukee</subfield><subfield code="d">Franklin.</subfield></datafield><datafield ind1=" " ind2=" " tag="752"><subfield code="a">United States</subfield><subfield code="b">Wisconsin</subfield><subfield code="c">Waukesha</subfield><subfield code="d">Muskego.</subfield></datafield><datafield ind1="0" ind2="5" tag="780"><subfield code="t">Greendale review</subfield><subfield code="w">(DLC)sn 85040671</subfield></datafield><datafield ind1="1" ind2="7" tag="785"><subfield code="t">Hub (Hales Corners, Wis. : 1965 : Muskego ed.)</subfield><subfield code="w">(DLC)sn 86086799</subfield></datafield><datafield ind1="1" ind2="7" tag="785"><subfield code="t">Hub (Hales Corners, Wis. : 1965 : Hales Corners ed.)</subfield></datafield><datafield ind1="1" ind2="7" tag="785"><subfield code="t">Tri-town hub (Hales Corners, Wis. : 1967 : Muskego ed.)</subfield><subfield code="w">(DLC)sn 86086800</subfield></datafield><datafield ind1="1" ind2="7" tag="785"><subfield code="t">Tri-town hub (Hales Corners, Wis. : 1967 : Franklin-Hales Corners ed.)</subfield><subfield code="w">(DLC)sn 85040607</subfield></datafield></record>